% -*-bibliografia.bib-*-
% Este fichero es parte de la plantilla LaTeX para
% la realizaci√≥n de Proyectos Final de Carrera, protejido
% bajo los t√©rminos de la licencia GFDL.
% Para m√°s informaci√≥n, la licencia completa viene incluida en el
% fichero fdl-1.3.tex

% Copyright (C) 2009 Pablo Recio Quijano 
@Book{Azumi,
  author = 	 {Ronald T. Azumi},
  title = 	 {A survey of Augmented Reality},
  publisher = 	 {},
  year = 	 {1997}
}
%A survey of Augmented Reality”, Ronald T. Azuma, 1997

@Book{Behringer,
  author = 	 {R. Behringer S. Feiner S. Julier R. T. Azuma, Y. Baillot and B. MacIntyre},
  title = 	 {Recent advances in augmented reality. IEEE Computer Graphics and Applications},
  publisher = 	 {Addison-Wesley},
  year = 	 {2001}
}


@Book{Taxonomy,
  author = 	 {P. Milgram and F. Kishino},
  title = 	 {A Taxonomy of Mixed Reality Visual Displays.},
  publisher = 	 {IEICE Trans. Information Systems},
  year = 	 {1994}
}

@Book{Bimber,
  author =   {O. Bimber, R. Rakar},
  title =    {Spatial Augmented Reality. Merging Real and Virtual Worlds.},
  year =   {2005}
}
 
@Book{OpenCVB,
  author =   {Gary R. Bradski, Adrian Kaehler},
  title =    {Learning OpenCV: Computer Vision with the OpenCV Library},
  
}

@MISC{ARToolKit,
      AUTHOR = "ARToolKit",
      title = "{ARToolKit Main Site}",
      HOWPUBLISHED = "\url{http://www.hitl.washington.edu/artoolkit/}"
}

@MISC{FLARToolKit,
AUTHOR = "FLARToolKit",
title = "{FLARToolKit Main Site}",
HOWPUBLISHED = "\url{http://www.libspark.org/wiki/saqoosha/FLARToolKit/en}"
}

@MISC{artoolkitplu,
      AUTHOR = "artoolkitplu",
      title = "{artoolkitplu Main Site}",
      HOWPUBLISHED = "\url{http://studierstube.icg.tugraz.at/handheld_ar/artoolkitplus.php}"
}
MISC{layar,
      AUTHOR = "Layar",
      title = "{Layar Main Site}",
      HOWPUBLISHED = "\url{http://www.layar.com/what-is-layar/}"
}
@Book{Cawood,
  author =   {S. Cawood, M. Fiala,},
  title =    {Augmented Reality: A practical guide.},
  year =   {2008}
}
@Book{Mullen,
  author =   {Mullen, Tonny },
  title =    {Prototyping Augmented Reality},
  publisher =    {Sybex},
  year =   {2011}

}
@Book{Tateno,
  author =   {K. Tateno, I. Kitahara, Y. Ohta},
  title =    {A Nested Marker for Augmented Reality},
  year =   {2007}
}
@Book{Javidi,
  author =   {B. Javidi},
  title =    {Image Recognition and Classification.  Algorithms, Systems and Applications},
  year =   {2002}
}

@Book{Somolinos,
  author =   {J. A. Somolinos Sanchez },
  title =    {Avances en robotica y vision por computador},
  year =   {2002}

}

@MISC{RAmundo,
      AUTHOR = "Tom Drummond",
      title = "{Realidad aumentada}",
      HOWPUBLISHED = "\url{http://library.abb.com/global/scot/scot271.nsf/veritydisplay/3526803755bb1020c125728f004c902f/$File/70-72%201M718_SPA72dpi.pdf}"
}

@MISC{WikiRA,
      AUTHOR = "WIKIPEDIA",
      title = "{Augmented reality}",
      HOWPUBLISHED = "\url{http://en.wikipedia.org/wiki/Augmented_reality}"
}

@MISC{WikiIP,
      AUTHOR = "WIKIPEDIA",
      title = "{Thresholding (image processing)}",
      HOWPUBLISHED = "\url{http://en.wikipedia.org/wiki/Thresholding_(image_processing)}"
}
@MISC{Augmentes,
      AUTHOR = "Augmented Environments Lab",
      title = "{Augmented Environments Lab Main Site}",
      HOWPUBLISHED = "\url{http://ael.gatech.edu/lab/}"
}

@MISC{camara,
      AUTHOR = "Xavier Sanchez Torreblanca",
      title = "{Realidad aumentada para el reconocimiento de elementos paisajisticos}",
      HOWPUBLISHED = "\url{http://upcommons.upc.edu/pfc/bitstream/2099.1/15354/1/73353.pdf}"
}

@MISC{esa,
      title = "{Augmented reality promises astronauts instant medical knowhow}",
      HOWPUBLISHED = "\url{http://www.esa.int/esaCP/SEMHSTSXXXG_index_0.html}"
}

@MISC{Villaplana,
      AUTHOR = "Oscar Carrion Villaplana",
      title = "{Desarrollo de un sistema de Realidad Aumentada para el tratamiento de fobias a  animales pequenos}",
      year={2004},
      HOWPUBLISHED = "\url{http://www.hitl.washington.edu/artoolkit/}"
}
@MISC{vuzix,
      AUTHOR = "Vuzix",
      title = "{Vuzix Main Site}",
      HOWPUBLISHED = "\url{http://www.vuzix.com/}"
}

@MISC{vc,
      AUTHOR = "Visual C++",
      title = "{Visual C++ Main Site}",
      HOWPUBLISHED = "\url{http://msdn.microsoft.com/en-us/library/60k1461a.aspx}"
}

@MISC{shorter,
      AUTHOR = "Google Shorted",
      title = "{google shorted Main Site}",
      HOWPUBLISHED = "\url{http://goo.gl/}"
}

@MISC{RAyRV,
      
      title = "{Realidad Aumentada y Realidad Virtual}",
      HOWPUBLISHED = "\url{http://www.slideshare.net/axland/realidad-aumentada-y-realidad-virtual}"
}
@MISC{Mackay,
     
      title = "{Mackay, W. E. (1998). Augmented Reality: linking real and virtual worlds. A new paradigm for
interacting with computers. Advanced visual interfaces (AVI'98), L'Aquila, Italy, ACM
}"

}

@MISC{militares,
      title = "{Realidad Aumentada para militares}",
      HOWPUBLISHED = "\url{http://gizmologia.com/2010/06/la-realidad-aumentada-para-militares-podria-cambiar-la-forma-en-la-que-se-combate-en-la-actualidad}"
}

@MISC{DARPA,
      AUTHOR = "DARPA",
      title = "{DARPA}",
      HOWPUBLISHED = "\url{http://www.fayerwayer.com/2011/04/darpa-encarga-confeccion-de-gafas-de-realidad-aumentada-para-militares/}}"
}

@MISC{estereo,
      AUTHOR = "WIKIPEDIA",
      title = "{WIKIPEDIA Estereoscopia}",
      HOWPUBLISHED = "\url{http://es.wikipedia.org/wiki/Estereoscop\%C3\%ADa}"
}

@MISC{RAjeuazarru,
      AUTHOR = "Juan de Urraza",
      title = "{LA REALIDAD AUMENTADA}",
      HOWPUBLISHED = "\url{http://www.jeuazarru.com/docs/Realidad_Aumentada.pdf}"
}
@MISC{mars,
      AUTHOR = "MARS",
      title = "{MARS Main Site}",
      HOWPUBLISHED = "\url{http://graphics.cs.columbia.edu/projects/mars/mars.html}"
}


@MISC{problemas,
      HOWPUBLISHED = "\url{http://sabia.tic.udc.es/gc/Contenidos%20adicionales/trabajos/3D/RealidadAumentada/1.3.problemas.html}"
}
@MISC{arpa,
      AUTHOR = "ARPA",
      title = "{ARPA Main Site}",
      HOWPUBLISHED = "\url{http://www.arpa-solutions.net/}"
}

@MISC{Tinmith-Metro,
      AUTHOR = "Tinmith-Metro",
      title = "{Tinmith-Metro Main Site}",
      HOWPUBLISHED = "\url{http://www.tinmith.net/}"
}

@MISC{arquake,
      AUTHOR = "ARQuake",
      title = "{ARQuake Main Site}",
      HOWPUBLISHED = "\url{http://wearables.unisa.edu.au/arquake/}"
}

@MISC{archeoguide,
      AUTHOR = "Archeoguide",
      title = "{Archeoguide Main Site}",
      HOWPUBLISHED = "\url{http://archeoguide.intranet.gr/}"
}

@MISC{aplicaciones,
      
      HOWPUBLISHED = "\url{http://www.adarveproducciones.com/uploads/ficha/fichero/APLICACIONES\%20DE\%20LA\%20REALIDAD\%20AUMENTADA_126.pdf}"
}
@MISC{windows,
      AUTHOR = "Windows library",
      title = "{Windows Library Main Site}",
      HOWPUBLISHED = "\url{http://msdn.microsoft.com/es-es/library/60k1461a(v=vs.90).aspx}"
}
\bibitem{} \url{http://www.directxtutorial.com/}
@MISC{directx1,
      AUTHOR = "DirectX Tutorial",
      title = "{DirectX tutorial Main Site}",
      HOWPUBLISHED = "\url{http://www.directxtutorial.com/}"
}

@MISC{directx2,
      AUTHOR = "WIKIPEDIA",
      title = "{DirectX Wikipedia Site}",
      HOWPUBLISHED = "\url{http://en.wikipedia.org/wiki/DirectX}"
}
\bibitem{opencv} OpenCV \url{}
@MISC{opencv,
      AUTHOR = "OpenCV ",
      title = "{OpenCVMain Site}",
      HOWPUBLISHED = "\url{http://opencv.willowgarage.com/wiki/}"
}
@MISC{libdecodeqr,
      AUTHOR = "libdecodeqr",
      title = "{libdecodeqr tutorial Main Site}",
      HOWPUBLISHED = "\url{https://github.com/josephholsten/libdecodeqr}"
}

@MISC{stadis,
      AUTHOR = "Estadistica Tutorial",
      HOWPUBLISHED = "\url{http://es.scribd.com/doc/76878232/20/Table-1-Libdecodeqr-successful-statuses}"
}
@MISC{pfcdaniel,
      AUTHOR = "Daniel Gutierrez",
      title = "{ESTUDIO DE LOS CODIGOS QR}",
      HOWPUBLISHED = "\url{http://upcommons.upc.edu/pfc/bitstream/2099.1/14407/1/PFC\%20Daniel\%20Guti\%C3\%A9rrez\%20Garc\%C3\%ADa.pdf}"
}
@MISC{libqr,
      AUTHOR = "Libdecodeqr",
      title = "{Libdecodeqr Main Site}",
      HOWPUBLISHED = "\url{https://github.com/josephholsten/libdecodeqr}"
}
@MISC{opencv1,
      HOWPUBLISHED = "\url{http://en.wikipedia.org/wiki/OpenCV}"
}

@MISC{cisgalicia,
      HOWPUBLISHED = "\url{http://www.cisgalicia.org/pages/idc/descargas/perfil_idc.pdf}"
}

@MISC{com,
      AUTHOR = "COM",
      HOWPUBLISHED = "\url{http://www.wikilearning.com/tutorial/guia_de_directx/5096}"
}


